@inproceedings{mentzelopoulos2015hardware,
  title={Hardware Interfaces for VR Applications: Evaluation on Prototypes},
  author={Mentzelopoulos, Markos and Tarpini, Filippo and Emanuele, Agazio and Protopsaltis, Aristidis},
  booktitle={Computer and Information Technology; Ubiquitous Computing and Communications; Dependable, Autonomic and Secure Computing; Pervasive Intelligence and Computing (CIT/IUCC/DASC/PICOM), 2015 IEEE International Conference on},
  pages={1578--1583},
  year={2015},
  organization={IEEE}
}

@inproceedings{hvannberg2012exploitation,
  title={Exploitation of heuristics for virtual environments},
  author={Hvannberg, Ebba Thora and Halld{\'o}rsd{\'o}ttir, Gyda and Rudinsky, Jan},
  booktitle={Proceedings of the 7th Nordic Conference on Human-Computer Interaction: Making Sense Through Design},
  pages={308--317},
  year={2012},
  organization={ACM}
}


@inproceedings{venta2014investigating,
  title={Investigating the balance between virtuality and reality in mobile mixed reality UI design: user perception of an augmented city},
  author={Vent{\"a}-Olkkonen, Leena and Posti, Maaret and Koskenranta, Olli and H{\"a}kkil{\"a}, Jonna},
  booktitle={Proceedings of the 8th Nordic Conference on Human-Computer Interaction: Fun, Fast, Foundational},
  pages={137--146},
  year={2014},
  organization={ACM}
}

@article{won2015homuncular,
  title={Homuncular flexibility in virtual reality},
  author={Won, Andrea Stevenson and Bailenson, Jeremy and Lee, Jimmy and Lanier, Jaron},
  journal={Journal of Computer-Mediated Communication},
  volume={20},
  number={3},
  pages={241--259},
  year={2015},
  publisher={Wiley Online Library}
}

@inproceedings{rosa2016re,
  title={(Re-) examination of multimodal augmented reality},
  author={Rosa, NE and Werkhoven, Peter J and H{\"u}rst, WO},
  booktitle={MVAR'16: Proceedings of the 2016 workshop on Multimodal Virtual and Augmented Reality},
  year={2016},
  organization={ACM}
}

@article{madary2016real,
  title={Real virtuality: a code of ethical conduct. recommendations for good scientific practice and the consumers of vr-technology},
  author={Madary, Michael and Metzinger, Thomas K},
  journal={Frontiers in Robotics and AI},
  volume={3},
  pages={3},
  year={2016},
  publisher={Frontiers}
}
@inproceedings{von2016cyber,
  title={Cyber sick but still having fun},
  author={von Mammen, Sebastian and Knote, Andreas and Edenhofer, Sarah},
  booktitle={Proceedings of the 22nd ACM Conference on Virtual Reality Software and Technology},
  pages={325--326},
  year={2016},
  organization={ACM}
}
@inproceedings{fernandes2016combating,
  title={Combating VR sickness through subtle dynamic field-of-view modification},
  author={Fernandes, Ajoy S and Feiner, Steven K},
  booktitle={3D User Interfaces (3DUI), 2016 IEEE Symposium on},
  pages={201--210},
  year={2016},
  organization={IEEE}
}
@article{hettinger1992visually,
  title={Visually induced motion sickness in virtual environments},
  author={Hettinger, Lawrence J and Riccio, Gary E},
  journal={Presence: Teleoperators \& Virtual Environments},
  volume={1},
  number={3},
  pages={306--310},
  year={1992},
  publisher={MIT Press}
}
@article{behr2005some,
  title={Some practical considerations of ethical issues in VR research},
  author={Behr, Katharina-Maria and Nosper, Andreas and Klimmt, Christoph and Hartmann, Tilo},
  journal={Presence: Teleoperators and Virtual Environments},
  volume={14},
  number={6},
  pages={668--676},
  year={2005},
  publisher={MIT Press}
}
@article{sutcliffe2004heuristic,
  title={Heuristic evaluation of virtual reality applications},
  author={Sutcliffe, Alistair and Gault, Brian},
  journal={Interacting with computers},
  volume={16},
  number={4},
  pages={831--849},
  year={2004},
  publisher={Oxford University Press Oxford, UK}
}
@inproceedings{jang2011overlapping,
  title={Overlapping and synchronizing two worlds},
  author={Jang, Daesung and Kim, Joon-Seok and Li, Ki-Joune and Joo, Chi-Hyun},
  booktitle={Proceedings of the 19th ACM SIGSPATIAL International Conference on Advances in Geographic Information Systems},
  pages={493--496},
  year={2011},
  organization={ACM}
@article{milgram1994taxonomy,
  title={A taxonomy of mixed reality visual displays},
  author={Milgram, Paul and Kishino, Fumio},
  journal={IEICE TRANSACTIONS on Information and Systems},
  volume={77},
  number={12},
  pages={1321--1329},
  year={1994},
  publisher={The Institute of Electronics, Information and Communication Engineers}
}
milgram1994taxonomy